@misc{ Nobody06,
       author = "Nobody Jr",
       title = "My Article",
       year = "2006" }

@ARTICLE{MRfreeborough,
  author =       {Peter A. Freeborough \& Nick C. Fox},
  title =        {MR Image texture analysis to the diagnosis and tracking of alzheimer's disease},
  journal =      {IEEE},
  year =         {1998},
  volume =       {17},
  number =       {3},
  pages =        {5},
  month =        {June},
}

@ARTICLE{Magnetic,
  author =       {Stephane Lehericy \& Malgorzata Marjanska \& Lilia Mesrob \& Marie Sarazin \& Serge Kinkingnehun},
  title =        {Magnetic resonance imaging of Alzheimer's disease},
  journal =      {Springer Verlag},
  year =         {2005},
  volume =       {17},
  number =       {3},
  pages =        {5},
  month =        {June},
}

@ARTICLE{Castellano,
  author =       {G. Castellano, L. Bonilha, L.M. Li, F. Cendes},
  title =        {Texture analysis of medical images},
  journal =      {Neuroimage Laboratory},
  year =         {2004},
  volume =       {},
  number =       {},
  pages =        {9},
  month =        {April},
}

@ARTICLE{Bharati,
  author =       {Image texture analysis: methods and comparisons},
  title =        {Manish H. Bharati, J. Jay Liu, John F. MacGregor*},
  journal =      {Department of Chemical Engineering},
  year =         {2004},
  volume =       {},
  number =       {},
  pages =        {15},
  month =        {February},
}
